<?xml version="1.0" encoding="UTF-8"?>
  <record xmlns="http://www.loc.gov/MARC21/slim" type="Authority">
    <leader>00000nz  a2200000nc 4500</leader>
    <controlfield tag="001">133664473</controlfield>
    <controlfield tag="003">DE-101</controlfield>
    <controlfield tag="005">20160407172920.0</controlfield>
    <controlfield tag="008">071122n||azznnaabn           | aaa    |c</controlfield>
    <datafield tag="024" ind1="7" ind2=" ">
      <subfield code="a">133664473</subfield>
      <subfield code="0">http://d-nb.info/gnd/133664473</subfield>
      <subfield code="2">gnd</subfield>
    </datafield>
    <datafield tag="035" ind1=" " ind2=" ">
      <subfield code="a">(DE-101)133664473</subfield>
    </datafield>
    <datafield tag="035" ind1=" " ind2=" ">
      <subfield code="a">(DE-588)133664473</subfield>
    </datafield>
    <datafield tag="035" ind1=" " ind2=" ">
      <subfield code="z">(DE-588)17470111X</subfield>
    </datafield>
    <datafield tag="035" ind1=" " ind2=" ">
      <subfield code="z">(DE-588a)17470111X</subfield>
      <subfield code="9">v:zg</subfield>
    </datafield>
    <datafield tag="035" ind1=" " ind2=" ">
      <subfield code="z">(DE-588a)133664473</subfield>
      <subfield code="9">v:zg</subfield>
    </datafield>
    <datafield tag="035" ind1=" " ind2=" ">
      <subfield code="z">(DE-588c)7845385-9</subfield>
      <subfield code="9">v:zg</subfield>
    </datafield>
    <datafield tag="040" ind1=" " ind2=" ">
      <subfield code="a">DE-12</subfield>
      <subfield code="c">DE-12</subfield>
      <subfield code="9">r:DE-12</subfield>
      <subfield code="b">ger</subfield>
      <subfield code="d">1601</subfield>
    </datafield>
    <datafield tag="042" ind1=" " ind2=" ">
      <subfield code="a">gnd1</subfield>
    </datafield>
    <datafield tag="043" ind1=" " ind2=" ">
      <subfield code="c">XA-DE</subfield>
      <subfield code="c">XA-HU</subfield>
    </datafield>
    <datafield tag="065" ind1=" " ind2=" ">
      <subfield code="a">16.5p</subfield>
      <subfield code="2">sswd</subfield>
    </datafield>
    <datafield tag="075" ind1=" " ind2=" ">
      <subfield code="b">p</subfield>
      <subfield code="2">gndgen</subfield>
    </datafield>
    <datafield tag="075" ind1=" " ind2=" ">
      <subfield code="b">pik</subfield>
      <subfield code="2">gndspec</subfield>
    </datafield>
    <datafield tag="079" ind1=" " ind2=" ">
      <subfield code="a">g</subfield>
      <subfield code="q">s</subfield>
      <subfield code="q">l</subfield>
      <subfield code="q">f</subfield>
    </datafield>
    <datafield tag="100" ind1="0" ind2=" ">
      <subfield code="a">Anna</subfield>
      <subfield code="c">Heiliges Römisches Reich, Kaiserin</subfield>
      <subfield code="d">1503-1547</subfield>
    </datafield>
    <datafield tag="400" ind1="0" ind2=" ">
      <subfield code="a">Anna</subfield>
      <subfield code="c">Böhmen, Königin</subfield>
      <subfield code="d">1503-1547</subfield>
    </datafield>
    <datafield tag="400" ind1="0" ind2=" ">
      <subfield code="a">Anna</subfield>
      <subfield code="c">Ungarn, Königin</subfield>
      <subfield code="d">1503-1547</subfield>
    </datafield>
    <datafield tag="400" ind1="0" ind2=" ">
      <subfield code="a">Anna</subfield>
      <subfield code="c">Böhmen, Prinzessin</subfield>
      <subfield code="d">1503-1547</subfield>
    </datafield>
    <datafield tag="400" ind1="0" ind2=" ">
      <subfield code="a">Anna</subfield>
      <subfield code="c">Ungarn, Prinzessin</subfield>
      <subfield code="d">1503-1547</subfield>
    </datafield>
    <datafield tag="400" ind1="1" ind2=" ">
      <subfield code="a">Jagiello, Anna</subfield>
      <subfield code="d">1503-1547</subfield>
    </datafield>
    <datafield tag="400" ind1="0" ind2=" ">
      <subfield code="a">Anna Jagiellonka</subfield>
      <subfield code="d">1503-1547</subfield>
    </datafield>
    <datafield tag="400" ind1="0" ind2=" ">
      <subfield code="a">Anna Jagiello</subfield>
      <subfield code="c">Heiliges Römisches Reich, Kaiserin</subfield>
      <subfield code="d">1503-1547</subfield>
    </datafield>
    <datafield tag="400" ind1="0" ind2=" ">
      <subfield code="a">Anna</subfield>
      <subfield code="c">Kaiserin des Römisch-deutschen Reiches</subfield>
      <subfield code="d">1503-1547</subfield>
    </datafield>
    <datafield tag="400" ind1="0" ind2=" ">
      <subfield code="9">L:fre</subfield>
      <subfield code="a">Anna</subfield>
      <subfield code="c">Impératrice Romain-Germanique</subfield>
      <subfield code="d">1503-1547</subfield>
      <subfield code="5">CH-GND</subfield>
    </datafield>
    <datafield tag="400" ind1="0" ind2=" ">
      <subfield code="9">L:eng</subfield>
      <subfield code="a">Anna</subfield>
      <subfield code="c">Empress of the Holy Roman Empire</subfield>
      <subfield code="d">1503-1547</subfield>
      <subfield code="5">CH-GND</subfield>
    </datafield>
    <datafield tag="400" ind1="0" ind2=" ">
      <subfield code="a">Anna</subfield>
      <subfield code="c">Erzherzogin von Österreich</subfield>
      <subfield code="d">1503-1547</subfield>
    </datafield>
    <datafield tag="400" ind1="0" ind2=" ">
      <subfield code="a">Anna</subfield>
      <subfield code="c">Archiduchesse d'Autriche</subfield>
      <subfield code="d">1503-1547</subfield>
    </datafield>
    <datafield tag="400" ind1="0" ind2=" ">
      <subfield code="a">Anna</subfield>
      <subfield code="c">Archduchesse of Austria</subfield>
      <subfield code="d">1503-1547</subfield>
    </datafield>
    <datafield tag="400" ind1="0" ind2=" ">
      <subfield code="a">Anna</subfield>
      <subfield code="c">Königin von Böhmen und Ungarn</subfield>
      <subfield code="d">1503-1547</subfield>
    </datafield>
    <datafield tag="400" ind1="0" ind2=" ">
      <subfield code="a">Anna</subfield>
      <subfield code="c">Reine de Bohême et Hongrie</subfield>
      <subfield code="d">1503-1547</subfield>
    </datafield>
    <datafield tag="400" ind1="0" ind2=" ">
      <subfield code="a">Anna</subfield>
      <subfield code="c">Queen of Bohemia and Hungary</subfield>
      <subfield code="d">1503-1547</subfield>
    </datafield>
    <datafield tag="400" ind1="0" ind2=" ">
      <subfield code="a">Anna</subfield>
      <subfield code="c">Prinzessin von Böhmen und Ungarn</subfield>
      <subfield code="d">1503-1547</subfield>
    </datafield>
    <datafield tag="400" ind1="0" ind2=" ">
      <subfield code="a">Anna</subfield>
      <subfield code="c">Princesse de Bohême et Hongrie</subfield>
      <subfield code="d">1503-1547</subfield>
    </datafield>
    <datafield tag="400" ind1="0" ind2=" ">
      <subfield code="a">Anna</subfield>
      <subfield code="c">Princess of Bohemia and Hungary</subfield>
      <subfield code="d">1503-1547</subfield>
    </datafield>
    <datafield tag="400" ind1="1" ind2=" ">
      <subfield code="a">Jagiello, Anna</subfield>
      <subfield code="c">Kaiserin des Römisch-deutschen Reiches</subfield>
      <subfield code="d">1503-1547</subfield>
    </datafield>
    <datafield tag="400" ind1="1" ind2=" ">
      <subfield code="a">Jagiello, Anna</subfield>
      <subfield code="c">Impératrice Romain-Germanique</subfield>
      <subfield code="d">1503-1547</subfield>
    </datafield>
    <datafield tag="400" ind1="1" ind2=" ">
      <subfield code="a">Jagiello, Anna</subfield>
      <subfield code="c">Empress of the Holy Roman Empire</subfield>
      <subfield code="d">1503-1547</subfield>
    </datafield>
    <datafield tag="400" ind1="0" ind2=" ">
      <subfield code="a">Anna Jagiellonka</subfield>
      <subfield code="c">Kaiserin des Römisch-deutschen Reiches</subfield>
      <subfield code="d">1503-1547</subfield>
    </datafield>
    <datafield tag="400" ind1="0" ind2=" ">
      <subfield code="a">Anna Jagiellonka</subfield>
      <subfield code="c">Impératrice Romain-Germanique</subfield>
      <subfield code="d">1503-1547</subfield>
    </datafield>
    <datafield tag="400" ind1="0" ind2=" ">
      <subfield code="a">Anna Jagiellonka</subfield>
      <subfield code="c">Empress of the Holy Roman Empire</subfield>
      <subfield code="d">1503-1547</subfield>
    </datafield>
    <datafield tag="400" ind1="0" ind2=" ">
      <subfield code="a">Anna Jagiello</subfield>
      <subfield code="c">Kaiserin des Römisch-deutschen Reiches</subfield>
      <subfield code="d">1503-1547</subfield>
    </datafield>
    <datafield tag="400" ind1="0" ind2=" ">
      <subfield code="a">Anna Jagiello</subfield>
      <subfield code="c">Impératrice Romain-Germanique</subfield>
      <subfield code="d">1503-1547</subfield>
    </datafield>
    <datafield tag="400" ind1="0" ind2=" ">
      <subfield code="a">Anna Jagiello</subfield>
      <subfield code="c">Empress of the Holy Roman Empire</subfield>
      <subfield code="d">1503-1547</subfield>
    </datafield>
    <datafield tag="500" ind1="0" ind2=" ">
      <subfield code="0">(DE-101)118634453</subfield>
      <subfield code="0">(DE-588)118634453</subfield>
      <subfield code="0">https://d-nb.info/gnd/118634453</subfield>
      <subfield code="a">Vladislav</subfield>
      <subfield code="b">II.</subfield>
      <subfield code="c">Böhmen, König</subfield>
      <subfield code="d">1456-1516</subfield>
      <subfield code="4">bezf</subfield>
      <subfield code="4">https://d-nb.info/standards/elementset/gnd#familialRelationship</subfield>
      <subfield code="w">r</subfield>
      <subfield code="i">Beziehung familiaer</subfield>
      <subfield code="e">Beziehung familiaer</subfield>
      <subfield code="9">v:Vater</subfield>
    </datafield>
    <datafield tag="500" ind1="0" ind2=" ">
      <subfield code="0">(DE-101)119392895</subfield>
      <subfield code="0">(DE-588)119392895</subfield>
      <subfield code="0">https://d-nb.info/gnd/119392895</subfield>
      <subfield code="a">Ludwig</subfield>
      <subfield code="b">II.</subfield>
      <subfield code="c">Ungarn, König</subfield>
      <subfield code="d">1506-1526</subfield>
      <subfield code="4">bezf</subfield>
      <subfield code="4">https://d-nb.info/standards/elementset/gnd#familialRelationship</subfield>
      <subfield code="w">r</subfield>
      <subfield code="i">Beziehung familiaer</subfield>
      <subfield code="e">Beziehung familiaer</subfield>
      <subfield code="9">v:Bruder</subfield>
    </datafield>
    <datafield tag="500" ind1="0" ind2=" ">
      <subfield code="0">(DE-101)118532502</subfield>
      <subfield code="0">(DE-588)118532502</subfield>
      <subfield code="0">https://d-nb.info/gnd/118532502</subfield>
      <subfield code="a">Ferdinand</subfield>
      <subfield code="b">I.</subfield>
      <subfield code="c">Heiliges Römisches Reich, Kaiser</subfield>
      <subfield code="d">1503-1564</subfield>
      <subfield code="4">bezf</subfield>
      <subfield code="4">https://d-nb.info/standards/elementset/gnd#familialRelationship</subfield>
      <subfield code="w">r</subfield>
      <subfield code="i">Beziehung familiaer</subfield>
      <subfield code="e">Beziehung familiaer</subfield>
      <subfield code="9">v:Ehemann</subfield>
    </datafield>
    <datafield tag="500" ind1="0" ind2=" ">
      <subfield code="0">(DE-101)129883514</subfield>
      <subfield code="0">(DE-588)129883514</subfield>
      <subfield code="0">https://d-nb.info/gnd/129883514</subfield>
      <subfield code="a">Elżbieta</subfield>
      <subfield code="c">Polen, Königin, 1526-1545</subfield>
      <subfield code="d">1526-1545</subfield>
      <subfield code="4">bezf</subfield>
      <subfield code="4">https://d-nb.info/standards/elementset/gnd#familialRelationship</subfield>
      <subfield code="w">r</subfield>
      <subfield code="i">Beziehung familiaer</subfield>
      <subfield code="e">Beziehung familiaer</subfield>
      <subfield code="9">v:Tochter</subfield>
    </datafield>
    <datafield tag="500" ind1="0" ind2=" ">
      <subfield code="0">(DE-101)11857938X</subfield>
      <subfield code="0">(DE-588)11857938X</subfield>
      <subfield code="0">https://d-nb.info/gnd/11857938X</subfield>
      <subfield code="a">Maximilian</subfield>
      <subfield code="b">II.</subfield>
      <subfield code="c">Heiliges Römisches Reich, Kaiser</subfield>
      <subfield code="d">1527-1576</subfield>
      <subfield code="4">bezf</subfield>
      <subfield code="4">https://d-nb.info/standards/elementset/gnd#familialRelationship</subfield>
      <subfield code="w">r</subfield>
      <subfield code="i">Beziehung familiaer</subfield>
      <subfield code="e">Beziehung familiaer</subfield>
      <subfield code="9">v:Sohn</subfield>
    </datafield>
    <datafield tag="500" ind1="0" ind2=" ">
      <subfield code="0">(DE-101)132969548</subfield>
      <subfield code="0">(DE-588)132969548</subfield>
      <subfield code="0">https://d-nb.info/gnd/132969548</subfield>
      <subfield code="a">Anna</subfield>
      <subfield code="c">Bayern, Herzogin, 1528-1590</subfield>
      <subfield code="d">1528-1590</subfield>
      <subfield code="4">bezf</subfield>
      <subfield code="4">https://d-nb.info/standards/elementset/gnd#familialRelationship</subfield>
      <subfield code="w">r</subfield>
      <subfield code="i">Beziehung familiaer</subfield>
      <subfield code="e">Beziehung familiaer</subfield>
      <subfield code="9">v:Tochter</subfield>
    </datafield>
    <datafield tag="500" ind1="0" ind2=" ">
      <subfield code="0">(DE-101)119117304</subfield>
      <subfield code="0">(DE-588)119117304</subfield>
      <subfield code="0">https://d-nb.info/gnd/119117304</subfield>
      <subfield code="a">Ferdinand</subfield>
      <subfield code="c">Österreich, Erzherzog, 1529-1595</subfield>
      <subfield code="d">1529-1595</subfield>
      <subfield code="4">bezf</subfield>
      <subfield code="4">https://d-nb.info/standards/elementset/gnd#familialRelationship</subfield>
      <subfield code="w">r</subfield>
      <subfield code="i">Beziehung familiaer</subfield>
      <subfield code="e">Beziehung familiaer</subfield>
      <subfield code="9">v:Sohn</subfield>
    </datafield>
    <datafield tag="500" ind1="0" ind2=" ">
      <subfield code="0">(DE-101)137351682</subfield>
      <subfield code="0">(DE-588)137351682</subfield>
      <subfield code="0">https://d-nb.info/gnd/137351682</subfield>
      <subfield code="a">Maria</subfield>
      <subfield code="c">Jülich-Kleve-Berg, Herzogin</subfield>
      <subfield code="d">1531-1581</subfield>
      <subfield code="4">bezf</subfield>
      <subfield code="4">https://d-nb.info/standards/elementset/gnd#familialRelationship</subfield>
      <subfield code="w">r</subfield>
      <subfield code="i">Beziehung familiaer</subfield>
      <subfield code="e">Beziehung familiaer</subfield>
      <subfield code="9">v:Tochter</subfield>
    </datafield>
    <datafield tag="500" ind1="0" ind2=" ">
      <subfield code="0">(DE-101)129052620</subfield>
      <subfield code="0">(DE-588)129052620</subfield>
      <subfield code="0">https://d-nb.info/gnd/129052620</subfield>
      <subfield code="a">Magdalena</subfield>
      <subfield code="c">Österreich, Erzherzogin</subfield>
      <subfield code="d">1532-1590</subfield>
      <subfield code="4">bezf</subfield>
      <subfield code="4">https://d-nb.info/standards/elementset/gnd#familialRelationship</subfield>
      <subfield code="w">r</subfield>
      <subfield code="i">Beziehung familiaer</subfield>
      <subfield code="e">Beziehung familiaer</subfield>
      <subfield code="9">v:Tochter</subfield>
    </datafield>
    <datafield tag="500" ind1="0" ind2=" ">
      <subfield code="0">(DE-101)13707963X</subfield>
      <subfield code="0">(DE-588)13707963X</subfield>
      <subfield code="0">https://d-nb.info/gnd/13707963X</subfield>
      <subfield code="a">Katarzyna</subfield>
      <subfield code="c">Polen, Königin</subfield>
      <subfield code="d">1533-1572</subfield>
      <subfield code="4">bezf</subfield>
      <subfield code="4">https://d-nb.info/standards/elementset/gnd#familialRelationship</subfield>
      <subfield code="w">r</subfield>
      <subfield code="i">Beziehung familiaer</subfield>
      <subfield code="e">Beziehung familiaer</subfield>
      <subfield code="9">v:Tochter</subfield>
    </datafield>
    <datafield tag="500" ind1="0" ind2=" ">
      <subfield code="0">(DE-101)136924190</subfield>
      <subfield code="0">(DE-588)136924190</subfield>
      <subfield code="0">https://d-nb.info/gnd/136924190</subfield>
      <subfield code="a">Eleonora</subfield>
      <subfield code="c">Mantova, Duchessa</subfield>
      <subfield code="d">-1594</subfield>
      <subfield code="4">bezf</subfield>
      <subfield code="4">https://d-nb.info/standards/elementset/gnd#familialRelationship</subfield>
      <subfield code="w">r</subfield>
      <subfield code="i">Beziehung familiaer</subfield>
      <subfield code="e">Beziehung familiaer</subfield>
      <subfield code="9">v:Tochter</subfield>
    </datafield>
    <datafield tag="500" ind1="0" ind2=" ">
      <subfield code="0">(DE-101)129416584</subfield>
      <subfield code="0">(DE-588)129416584</subfield>
      <subfield code="0">https://d-nb.info/gnd/129416584</subfield>
      <subfield code="a">Margareta</subfield>
      <subfield code="c">Österreich, Erzherzogin, 1536-1566</subfield>
      <subfield code="d">1536-1566</subfield>
      <subfield code="4">bezf</subfield>
      <subfield code="4">https://d-nb.info/standards/elementset/gnd#familialRelationship</subfield>
      <subfield code="w">r</subfield>
      <subfield code="i">Beziehung familiaer</subfield>
      <subfield code="e">Beziehung familiaer</subfield>
      <subfield code="9">v:Tochter</subfield>
    </datafield>
    <datafield tag="500" ind1="0" ind2=" ">
      <subfield code="0">(DE-101)132831643</subfield>
      <subfield code="0">(DE-588)132831643</subfield>
      <subfield code="0">https://d-nb.info/gnd/132831643</subfield>
      <subfield code="a">Barbara</subfield>
      <subfield code="c">Ferrara, Herzogin</subfield>
      <subfield code="d">1539-1572</subfield>
      <subfield code="4">bezf</subfield>
      <subfield code="4">https://d-nb.info/standards/elementset/gnd#familialRelationship</subfield>
      <subfield code="w">r</subfield>
      <subfield code="i">Beziehung familiaer</subfield>
      <subfield code="e">Beziehung familiaer</subfield>
      <subfield code="9">v:Tochter</subfield>
    </datafield>
    <datafield tag="500" ind1="0" ind2=" ">
      <subfield code="0">(DE-101)118560069</subfield>
      <subfield code="0">(DE-588)118560069</subfield>
      <subfield code="0">https://d-nb.info/gnd/118560069</subfield>
      <subfield code="a">Karl</subfield>
      <subfield code="c">Österreich, Erzherzog</subfield>
      <subfield code="d">1540-1590</subfield>
      <subfield code="4">bezf</subfield>
      <subfield code="4">https://d-nb.info/standards/elementset/gnd#familialRelationship</subfield>
      <subfield code="w">r</subfield>
      <subfield code="i">Beziehung familiaer</subfield>
      <subfield code="e">Beziehung familiaer</subfield>
      <subfield code="9">v:Sohn</subfield>
    </datafield>
    <datafield tag="500" ind1="0" ind2=" ">
      <subfield code="0">(DE-101)129416339</subfield>
      <subfield code="0">(DE-588)129416339</subfield>
      <subfield code="0">https://d-nb.info/gnd/129416339</subfield>
      <subfield code="a">Helene</subfield>
      <subfield code="c">Österreich, Erzherzogin</subfield>
      <subfield code="d">1543-1574</subfield>
      <subfield code="4">bezf</subfield>
      <subfield code="4">https://d-nb.info/standards/elementset/gnd#familialRelationship</subfield>
      <subfield code="w">r</subfield>
      <subfield code="i">Beziehung familiaer</subfield>
      <subfield code="e">Beziehung familiaer</subfield>
      <subfield code="9">v:Tochter</subfield>
    </datafield>
    <datafield tag="500" ind1="0" ind2=" ">
      <subfield code="0">(DE-101)129927961</subfield>
      <subfield code="0">(DE-588)129927961</subfield>
      <subfield code="0">https://d-nb.info/gnd/129927961</subfield>
      <subfield code="a">Johanna</subfield>
      <subfield code="c">Toskana, Großherzogin</subfield>
      <subfield code="d">1547-1578</subfield>
      <subfield code="4">bezf</subfield>
      <subfield code="4">https://d-nb.info/standards/elementset/gnd#familialRelationship</subfield>
      <subfield code="w">r</subfield>
      <subfield code="i">Beziehung familiaer</subfield>
      <subfield code="e">Beziehung familiaer</subfield>
      <subfield code="9">v:Tochter</subfield>
    </datafield>
    <datafield tag="548" ind1=" " ind2=" ">
      <subfield code="a">23.07.1503-27.01.1547</subfield>
      <subfield code="4">datx</subfield>
      <subfield code="4">https://d-nb.info/standards/elementset/gnd#dateOfBirthAndDeath</subfield>
      <subfield code="w">r</subfield>
      <subfield code="i">Exakte Lebensdaten</subfield>
    </datafield>
    <datafield tag="548" ind1=" " ind2=" ">
      <subfield code="a">1503-1547</subfield>
      <subfield code="4">datl</subfield>
      <subfield code="4">https://d-nb.info/standards/elementset/gnd#dateOfBirthAndDeath</subfield>
      <subfield code="w">r</subfield>
      <subfield code="i">Lebensdaten</subfield>
    </datafield>
    <datafield tag="550" ind1=" " ind2=" ">
      <subfield code="0">(DE-101)04163019X</subfield>
      <subfield code="0">(DE-588)4163019-1</subfield>
      <subfield code="0">https://d-nb.info/gnd/4163019-1</subfield>
      <subfield code="a">Kaiserin</subfield>
      <subfield code="4">adel</subfield>
      <subfield code="4">https://d-nb.info/standards/elementset/gnd#titleOfNobility</subfield>
      <subfield code="w">r</subfield>
      <subfield code="i">Adelstitel</subfield>
    </datafield>
    <datafield tag="550" ind1=" " ind2=" ">
      <subfield code="0">(DE-101)040004643</subfield>
      <subfield code="0">(DE-588)4000464-8</subfield>
      <subfield code="0">https://d-nb.info/gnd/4000464-8</subfield>
      <subfield code="a">Adel</subfield>
      <subfield code="4">obin</subfield>
      <subfield code="4">https://d-nb.info/standards/elementset/gnd#broaderTermInstantial</subfield>
      <subfield code="w">r</subfield>
      <subfield code="i">Oberbegriff instantiell</subfield>
    </datafield>
    <datafield tag="551" ind1=" " ind2=" ">
      <subfield code="0">(DE-101)041371739</subfield>
      <subfield code="0">(DE-588)4137173-2</subfield>
      <subfield code="0">https://d-nb.info/gnd/4137173-2</subfield>
      <subfield code="a">Buda</subfield>
      <subfield code="4">ortg</subfield>
      <subfield code="4">https://d-nb.info/standards/elementset/gnd#placeOfBirth</subfield>
      <subfield code="w">r</subfield>
      <subfield code="i">Geburtsort</subfield>
    </datafield>
    <datafield tag="551" ind1=" " ind2=" ">
      <subfield code="0">(DE-101)040763102</subfield>
      <subfield code="0">(DE-588)4076310-9</subfield>
      <subfield code="0">https://d-nb.info/gnd/4076310-9</subfield>
      <subfield code="a">Prag</subfield>
      <subfield code="4">orts</subfield>
      <subfield code="4">https://d-nb.info/standards/elementset/gnd#placeOfDeath</subfield>
      <subfield code="w">r</subfield>
      <subfield code="i">Sterbeort</subfield>
    </datafield>
    <datafield tag="670" ind1=" " ind2=" ">
      <subfield code="a">BSB-CodIcon</subfield>
    </datafield>
    <datafield tag="670" ind1=" " ind2=" ">
      <subfield code="a">DbA (WBIS)</subfield>
    </datafield>
    <datafield tag="670" ind1=" " ind2=" ">
      <subfield code="a">Wikipedia</subfield>
    </datafield>
    <datafield tag="678" ind1=" " ind2=" ">
      <subfield code="b">Dt.-röm. Kaiserin; Königin von Böhmen u. Ungarn</subfield>
    </datafield>
    <datafield tag="913" ind1=" " ind2=" ">
      <subfield code="S">pnd</subfield>
      <subfield code="i">5</subfield>
      <subfield code="a">Anna &lt;Römisch-Deutsches Reich, Kaiserin, 1503-1547&gt;</subfield>
      <subfield code="0">(DE-588a)133664473</subfield>
    </datafield>
    <datafield tag="913" ind1=" " ind2=" ">
      <subfield code="S">pnd</subfield>
      <subfield code="i">5</subfield>
      <subfield code="a">Anna &lt;Böhmen, Königin&gt;</subfield>
      <subfield code="0">(DE-588a)17470111X</subfield>
    </datafield>
  </record>
